<?xml version="1.0" encoding="UTF-8"?><collection xmlns="http://www.loc.gov/MARC21/slim"><record><leader>00456nam--2200181-i-4500</leader><controlfield tag="001">000001712</controlfield><controlfield tag="002">20161230</controlfield><controlfield tag="005">20161230201024</controlfield><controlfield tag="008">060222s1000------------r-----000-0-eng-d</controlfield><datafield ind1=" " ind2=" " tag="040"><subfield code="a">IFIN-HH</subfield></datafield><datafield ind1=" " ind2=" " tag="080"><subfield code="a">531</subfield></datafield><datafield ind1="1" ind2=" " tag="100"><subfield code="a">French, A.P</subfield></datafield><datafield ind1="1" ind2="0" tag="245"><subfield code="a">Newtonian mechanics</subfield><subfield code="c">A.P. French</subfield></datafield><datafield ind1=" " ind2=" " tag="260"><subfield code="a">London, Nelson, 1971</subfield></datafield><datafield ind1=" " ind2=" " tag="300"><subfield code="a">XIII + 743 P</subfield></datafield><datafield ind1=" " ind2=" " tag="490"><subfield code="a">The M.I.T. Introductory Physics Series</subfield></datafield><datafield ind1=" " ind2=" " tag="852"><subfield code="a">36409</subfield><subfield code="c">531</subfield></datafield><datafield ind1=" " ind2=" " tag="CAT"><subfield code="a">Sys</subfield><subfield code="c">20100624</subfield><subfield code="h">105748</subfield></datafield></record></collection>